<collection xmlns="http://www.loc.gov/MARC21/slim">
   <record>
      <leader>02887nam a2200457 i 4500</leader>
      <controlfield tag="001">6799745</controlfield>
      <controlfield tag="003">StDuBDS</controlfield>
      <controlfield tag="005">20150113143005.0</controlfield>
      <controlfield tag="006">m||||||||d||||||||</controlfield>
      <controlfield tag="007">cr |||||||||||</controlfield>
      <controlfield tag="008">150106s2015    nyua   fo|    001|0|eng|d</controlfield>
      <datafield ind1=" " ind2=" " tag="020">
         <subfield code="a">9780199385348 (ebook) :</subfield>
         <subfield code="c">No price</subfield>
      </datafield>
      <datafield ind1=" " ind2=" " tag="035">
         <subfield code="a">ocn900306238</subfield>
      </datafield>
      <datafield ind1=" " ind2=" " tag="039">
         <subfield code="a">exclude</subfield>
      </datafield>
      <datafield ind1=" " ind2=" " tag="040">
         <subfield code="a">StDuBDS</subfield>
         <subfield code="b">eng</subfield>
         <subfield code="c">StDuBDS</subfield>
         <subfield code="e">rda</subfield>
         <subfield code="e">pn</subfield>
         <subfield code="d">AEU</subfield>
      </datafield>
      <datafield ind1=" " ind2="0" tag="050">
         <subfield code="a">HD3616.C63</subfield>
         <subfield code="b">R63 2015</subfield>
      </datafield>
      <datafield ind1="0" ind2="4" tag="082">
         <subfield code="a">338.0640951</subfield>
         <subfield code="2">23</subfield>
      </datafield>
      <datafield ind1=" " ind2=" " tag="090">
         <subfield code="a">Internet Access</subfield>
         <subfield code="b">AEU</subfield>
      </datafield>
      <datafield ind1="1" ind2=" " tag="100">
         <subfield code="a">Rock, Michael T.,</subfield>
         <subfield code="e">author.</subfield>
         <subfield code="0">http://id.loc.gov/authorities/names/n96013429</subfield>
         <subfield code="0">http://viaf.org/viaf/63268098</subfield>
      </datafield>
      <datafield ind1="1" ind2="0" tag="245">
         <subfield code="a">China's technological catch-up strategy :</subfield>
         <subfield code="b">industrial development, energy efficiency, and CO2 emissions /</subfield>
         <subfield code="c">Michael T. Rock and Michael Toman.</subfield>
      </datafield>
      <datafield ind1=" " ind2="1" tag="264">
         <subfield code="a">New York :</subfield>
         <subfield code="b">Oxford University Press,</subfield>
         <subfield code="c">2015.</subfield>
      </datafield>
      <datafield ind1=" " ind2=" " tag="300">
         <subfield code="a">1 online resource :</subfield>
         <subfield code="b">illustrations (black and white)</subfield>
      </datafield>
      <datafield ind1=" " ind2=" " tag="336">
         <subfield code="a">text</subfield>
         <subfield code="2">rdacontent</subfield>
         <subfield code="0">http://id.loc.gov/vocabulary/contentTypes/txt</subfield>
      </datafield>
      <datafield ind1=" " ind2=" " tag="336">
         <subfield code="a">still image</subfield>
         <subfield code="2">rdacontent</subfield>
         <subfield code="0">http://id.loc.gov/vocabulary/contentTypes/sti</subfield>
      </datafield>
      <datafield ind1=" " ind2=" " tag="337">
         <subfield code="a">computer</subfield>
         <subfield code="2">rdamedia</subfield>
         <subfield code="0">http://id.loc.gov/vocabulary/mediaTypes/c</subfield>
      </datafield>
      <datafield ind1=" " ind2=" " tag="338">
         <subfield code="a">online resource</subfield>
         <subfield code="2">rdacarrier</subfield>
         <subfield code="0">http://id.loc.gov/vocabulary/carriers/cr</subfield>
      </datafield>
      <datafield ind1=" " ind2=" " tag="504">
         <subfield code="a">Includes bibliographical references and index.</subfield>
      </datafield>
      <datafield ind1=" " ind2=" " tag="506">
         <subfield code="a">Access restricted to authorized users and institutions.</subfield>
      </datafield>
      <datafield ind1="8" ind2=" " tag="520">
         <subfield code="a">Since 1978 China has been remarkably successful in reducing the CO2 intensity of GDP and industry. The book shows how China's industrial and technology policies affecting four energy-intensive industries - aluminium, cement, iron and steel, and paper - have transformed industrial structure within these industries and technological capabilities within enterprises in these industries, and how both types of changes have put each of these industries on substantially lower CO2 emissions trajectories.</subfield>
      </datafield>
      <datafield ind1=" " ind2=" " tag="588">
         <subfield code="a">Description based on online resource; title from home page (viewed on January 7, 2015).</subfield>
      </datafield>
      <datafield ind1=" " ind2=" " tag="596">
         <subfield code="a">44</subfield>
      </datafield>
      <datafield ind1=" " ind2="0" tag="650">
         <subfield code="a">Industrial policy</subfield>
         <subfield code="z">China.</subfield>
         <subfield code="0">http://id.loc.gov/authorities/subjects/sh2008104477</subfield>
      </datafield>
      <datafield ind1=" " ind2="0" tag="650">
         <subfield code="a">Technology and state</subfield>
         <subfield code="z">China.</subfield>
         <subfield code="0">http://id.loc.gov/authorities/subjects/sh2008112653</subfield>
      </datafield>
      <datafield ind1=" " ind2="0" tag="650">
         <subfield code="a">Economic development</subfield>
         <subfield code="x">Environmental aspects</subfield>
         <subfield code="z">China.</subfield>
         <subfield code="0">http://id.loc.gov/authorities/subjects/sh2009124573</subfield>
      </datafield>
      <datafield ind1=" " ind2="0" tag="650">
         <subfield code="a">Industries</subfield>
         <subfield code="x">Environmental aspects</subfield>
         <subfield code="z">China.</subfield>
      </datafield>
      <datafield ind1="1" ind2=" " tag="700">
         <subfield code="a">Toman, Michael A.,</subfield>
         <subfield code="e">author.</subfield>
         <subfield code="0">http://id.loc.gov/authorities/names/n82258058</subfield>
         <subfield code="0">http://viaf.org/viaf/66556151</subfield>
      </datafield>
      <datafield ind1=" " ind2=" " tag="758">
         <subfield code="0">http://worldcat.org/entity/work/id/6488737</subfield>
      </datafield>
      <datafield ind1="0" ind2=" " tag="787">
         <subfield code="n">OCLC Work Id</subfield>
         <subfield code="o">http://worldcat.org/entity/work/id/6488737</subfield>
      </datafield>
      <datafield ind1="4" ind2="0" tag="856">
         <subfield code="3">University of Alberta Access</subfield>
         <subfield code="u">http://dx.doi.org/10.1093/acprof:oso/9780199385324.001.0001</subfield>
         <subfield code="z">(Unlimited Concurrent Users)</subfield>
      </datafield>
      <datafield ind1=" " ind2=" " tag="949">
         <subfield code="h">UAIN</subfield>
         <subfield code="z">UPSO</subfield>
      </datafield>
      <datafield ind1=" " ind2=" " tag="926">
         <subfield code="a">Internet Access</subfield>
         <subfield code="w">LC</subfield>
         <subfield code="c">1</subfield>
         <subfield code="i">6799745-1001</subfield>
         <subfield code="l">INTERNET</subfield>
         <subfield code="m">UAINTERNET</subfield>
         <subfield code="r">Y</subfield>
         <subfield code="s">Y</subfield>
         <subfield code="t">E-RESOURCE</subfield>
         <subfield code="u">2/6/2015</subfield>
         <subfield code="x">E-BOOK</subfield>
         <subfield code="z">UPSO</subfield>
      </datafield>
   </record>
</collection>
